@misc{matteucci2022neuralnetworkstraining,
  author = {Matteo Matteucci},
  title = {Neural Networks Training and Overfitting},
  year = 2022,
  url = {http://chrome.ws.dei.polimi.it/images/8/8a/AN2DL_03_2122_NeuralNetwroksTraining.pdf},
  note = {Accessed: \today}
}
